@online{ wiki:syt,
	title = {Systemtechnik},
	author = {Wikipedia Autoren},
	url = {https://de.wikipedia.org/wiki/Systemtechnik},
	organization = {Wikipedia},
	note = {07.03.2018}
}

@misc{UWPAllgemein,
	title = {{What's a Universal Windows Platform (UWP) app? - UWP app developer}},
	year = {2018},
	month = {Apr},
	note = {[Online; accessed 11. Apr. 2018]},
	url = {https://docs.microsoft.com/en-us/windows/uwp/get-started/universal-application-platform-guide}
}

@misc{xamlOverview,
	title = {{XAML overview - UWP app developer}},
	year = {2018},
	month = {Apr},
	note = {[Online; accessed 11. Apr. 2018]},
	url = {https://docs.microsoft.com/en-us/windows/uwp/xaml-platform/xaml-overview}
}

@misc{uwphash,
	title = {{MACs, hashes, and signatures - UWP app developer}},
	year = {2018},
	month = {Apr},
	note = {[Online; accessed 11. Apr. 2018]},
	url = {https://docs.microsoft.com/en-us/windows/uwp/security/macs-hashes-and-signatures}
}

@misc{uwptutorial,
	title = {{Learn how to create a}},
	year = {2018},
	month = {Apr},
	note = {[Online; accessed 11. Apr. 2018]},
	url = {https://docs.microsoft.com/en-us/windows/uwp/get-started/create-a-hello-world-app-xaml-universal}
}

@misc{appid,
	title = {{Identity (Windows 10) - UWP app developer}},
	year = {2018},
	month = {Apr},
	note = {[Online; accessed 11. Apr. 2018]},
	url = {https://docs.microsoft.com/de-de/uwp/schemas/appxpackage/uapmanifestschema/element-identity}
}

@misc{WinAppDriver,
	title = {{Microsoft/WinAppDriver}},
	journal = {GitHub},
	year = {2018},
	month = {Apr},
	note = {[Online; accessed 11. Apr. 2018]},
	url = {https://github.com/Microsoft/WinAppDriver}
}


@misc{uiautooverview,
	title = {{UI Automation Overview (Windows)}},
	year = {2018},
	month = {Apr},
	note = {[Online; accessed 11. Apr. 2018]},
	url = {https://msdn.microsoft.com/en-us/library/windows/desktop/ee684076(v=vs.85).aspx}
}

@misc{packaging,
	title = {{Packaging UWP apps - UWP app developer}},
	year = {2018},
	month = {Apr},
	note = {[Online; accessed 11. Apr. 2018]},
	url = {https://docs.microsoft.com/en-us/windows/uwp/packaging/packaging-uwp-apps#before-packaging-your-app}
}